@ARTICLE{ninapro,
  author={Atzori, Manfredo and Gijsberts, Arjan and Kuzborskij, Ilja and Elsig, Simone and Mittaz Hager, Anne-Gabrielle and Deriaz, Olivier and Castellini, Claudio and MÃ¼ller, Henning and Caputo, Barbara},
  journal={IEEE Transactions on Neural Systems and Rehabilitation Engineering}, 
  title={Characterization of a Benchmark Database for Myoelectric Movement Classification}, 
  year={2015},
  volume={23},
  number={1},
  pages={73-83},
  doi={10.1109/TNSRE.2014.2328495}
}
